<record><leader>00000cas a2200000 a 4500</leader><controlfield tag="001">11239966</controlfield><controlfield tag="008">841008d18351854ohuwr ne      0   a0eng c</controlfield><datafield ind1=" " ind2=" " tag="010"><subfield code="a">sn 84024214 </subfield></datafield><datafield ind1=" " ind2=" " tag="040"><subfield code="a">NPV</subfield><subfield code="b">eng</subfield><subfield code="c">NPV</subfield><subfield code="d">NPX</subfield><subfield code="d">DLC</subfield><subfield code="d">NPU</subfield><subfield code="d">YOX</subfield><subfield code="d">ONP</subfield><subfield code="d">CNK</subfield><subfield code="d">NVK</subfield><subfield code="d">NVF</subfield><subfield code="d">OCL</subfield><subfield code="d">DLC</subfield><subfield code="d">IUL</subfield><subfield code="d">KRTAS</subfield><subfield code="d">CUI</subfield><subfield code="d">OCLCQ</subfield><subfield code="d">OCLCF</subfield></datafield><datafield ind1="1" ind2=" " tag="029"><subfield code="a">AU@</subfield><subfield code="b">000003598146</subfield></datafield><datafield ind1=" " ind2=" " tag="042"><subfield code="a">pcc</subfield></datafield><datafield ind1=" " ind2=" " tag="043"><subfield code="a">n-us-oh</subfield></datafield><datafield ind1="0" ind2="0" tag="050"><subfield code="a">Newspaper</subfield></datafield><datafield ind1=" " ind2="4" tag="050"><subfield code="a">AN</subfield></datafield><datafield ind1="0" ind2=" " tag="130"><subfield code="a">Scioto gazette (Chillicothe, Ross County, Ohio : 1835)</subfield></datafield><datafield ind1="1" ind2="4" tag="245"><subfield code="a">The Scioto gazette.</subfield></datafield><datafield ind1="1" ind2="3" tag="246"><subfield code="a">Weekly Scioto gazette</subfield><subfield code="f">Apr. 23, 1846-1854</subfield></datafield><datafield ind1=" " ind2=" " tag="260"><subfield code="a">Chillicothe, Ohio :</subfield><subfield code="b">S.W. Ely,</subfield><subfield code="c">1835-1854.</subfield></datafield><datafield ind1=" " ind2=" " tag="300"><subfield code="a">v.</subfield></datafield><datafield ind1=" " ind2=" " tag="310"><subfield code="a">Weekly</subfield></datafield><datafield ind1="0" ind2=" " tag="362"><subfield code="a">New ser., v. 1, no. 1 (Apr. 22, 1835)-present ser., v. 9 [i.e. 19], no. 2 (Mar. 28, 1854) = whole no. 1809-[whole no. 2810].</subfield></datafield><datafield ind1=" " ind2=" " tag="515"><subfield code="a">Numbering irregular.</subfield></datafield><datafield ind1=" " ind2=" " tag="515"><subfield code="a">Issues for &lt;Dec. 14, 1837-Mar. 27, 1850&gt; called also &lt;Vol. 38-v. 50&gt;.</subfield></datafield><datafield ind1=" " ind2=" " tag="530"><subfield code="a">Available on microfilm from Microfilm Corp., Cleveland, Ohio.</subfield></datafield><datafield ind1=" " ind2=" " tag="580"><subfield code="a">Triweekly ed.: Chillicothe gazette (Chillicothe, Ohio : Triweekly), 1841-1842.</subfield></datafield><datafield ind1=" " ind2=" " tag="580"><subfield code="a">Daily eds.: Scioto gazette (Chillicothe, Ohio : 1849), 1849-1850, and: Daily Scioto gazette, 1850-1854.</subfield></datafield><datafield ind1=" " ind2="0" tag="651"><subfield code="a">Chillicothe (Ross County, Ohio)</subfield><subfield code="v">Newspapers.</subfield></datafield><datafield ind1=" " ind2="0" tag="651"><subfield code="a">Ross County (Ohio)</subfield><subfield code="v">Newspapers.</subfield></datafield><datafield ind1=" " ind2="7" tag="655"><subfield code="a">Newspapers.</subfield><subfield code="2">fast</subfield><subfield code="0">(OCoLC)fst01423814</subfield></datafield><datafield ind1=" " ind2="7" tag="651"><subfield code="a">Ohio</subfield><subfield code="z">Chillicothe (Ross County)</subfield><subfield code="2">fast</subfield><subfield code="0">(OCoLC)fst01312400</subfield></datafield><datafield ind1=" " ind2="7" tag="651"><subfield code="a">Ohio</subfield><subfield code="z">Ross County.</subfield><subfield code="2">fast</subfield><subfield code="0">(OCoLC)fst01213452</subfield></datafield><datafield ind1=" " ind2=" " tag="752"><subfield code="a">United States</subfield><subfield code="b">Ohio</subfield><subfield code="c">Ross</subfield><subfield code="d">Chillicothe.</subfield></datafield><datafield ind1="1" ind2=" " tag="775"><subfield code="t">Chillicothe gazette (Chillicothe, Ross County, Ohio : Triweekly)</subfield><subfield code="w">(DLC)sn 83035641</subfield></datafield><datafield ind1="1" ind2=" " tag="775"><subfield code="t">Scioto gazette (Chillicothe, Ross County, Ohio : 1849)</subfield><subfield code="w">(DLC)sn 83035630</subfield></datafield><datafield ind1="1" ind2=" " tag="775"><subfield code="t">Daily Scioto gazette</subfield><subfield code="w">(DLC)sn 83035631</subfield></datafield><datafield ind1="0" ind2="8" tag="776"><subfield code="i">Online version:</subfield><subfield code="t">Scioto gazette (Chillicothe, Ross County, Ohio : 1835 : Online)</subfield><subfield code="w">(OCoLC)608574808</subfield></datafield><datafield ind1="0" ind2="0" tag="780"><subfield code="t">Scioto gazette and Independent Whig</subfield><subfield code="w">(DLC)sn 84024213</subfield><subfield code="w">(OCoLC)11239875</subfield></datafield><datafield ind1="0" ind2="0" tag="785"><subfield code="t">Weekly Scioto gazette</subfield><subfield code="w">(DLC)sn 83035632</subfield><subfield code="w">(OCoLC)10186097</subfield></datafield><datafield ind1=" " ind2=" " tag="938"><subfield code="a">Kirtas Technologies, Inc.</subfield><subfield code="b">KRTS</subfield><subfield code="n">738815</subfield></datafield></record>